@article{burt,
   author={Ronald S. Burt},
   title={Structural Holes and Good Ideas},
   year=2004,
   pages={349}
}