@article{crise_asiatica,
   author={Otaviano Canuto},
   title={A crise asi√°tica e seus desdobramentos},
   year=2000,
}